2525 4184
202 520 316 601 officio
330 523 506 597 Noclurno
515 571 528 610 ,
551 521 727 623 Dogmata
746 522 932 605 referuntur

221 655 263 701 ua
284 622 392 698 credit
412 627 449 692 &
468 619 634 695 credenda
644 626 800 725 'proponit
813 627 930 702 Eccle-

202 655 255 814 la,
264 724 317 799 vel
329 720 522 795 indicantur
532 719 684 820 praeclara
699 726 788 836 gesta
797 727 931 822 Soneiog

204 850 278 898 nrm.
289 827 329 897 In
337 819 508 895 Laudibus
521 827 558 892 δι
569 822 670 896 Horis
683 821 770 910 diei,
784 822 838 899 vel
849 826 938 917 Deo,

205 946 333 1024 aguntur
354 920 465 1022 gratiae
492 946 562 1016 pro,
574 918 743 996 beneficiis
765 925 930 1024 receptis,

204 1022 249 1097 vel
265 1022 468 1096 celebrantur
482 1019 676 1093 Sanctorum
691 1020 821 1096 laudes.¹
835 1024 932 1097 Tan-

204 1121 278 1194 dem
302 1117 424 1195 inVes
462 1117 504 1191 ris
527 1126 564 1190 &
589 1119 850 1222 Completotio,
875 1123 932 1198 vel

205 1219 321 1294 fructur
334 1219 427 1292 err-So
440 1217 601 1291 emnitare
621 1220 851 1322 percipiendus
871 1248 932 1311 ex,-

203 1320 348 1420 pouitur,
369 1314 424 1392 vel
435 1313 662 1393 describuntur
675 1319 788 1395 ultimi
800 1319 931 1401 labores

202 1421 398 1492 Sandorum.

248 1525 327 1590 12⁰.
346 1513 455 1608 Quod
477 1515 519 1589 ab
540 1519 684 1620 antiquis
696 1519 931 1597 Conciliorurn

203 1616 391 1692 Canonibus
404 1613 570 1689 sancitum
583 1621 627 1692 est
640 1673 651 1706 ,
674 1643 711 1695 ut
730 1617 850 1711 Quadi

203 1716 278 1792 lima
291 1740 465 1816 tempore,
479 1714 572 1789 nulla
585 1720 695 1803 Festa,
716 1741 933 1819 praeterquam

201 1813 434 1892 lncamationis
453 1813 621 1905 Domini,
644 1821 934 1918 Patronorumquo

202 1916 427 2018 primariorum
455 1910 717 2005 celebrarentur,
750 1917 932 1992 observan-

200 2011 933 2115 dumstaruimus.Nequeenimcumlustuofis

247 2113 394 2189 nitentiae
405 2109 571 2188 laboribus
581 2118 731 2216 congruit
744 2117 933 2192 letabunda

218 2219 358 2290 estotum
382 2209 574 2288 solemnitas
595 2245 604 2287 ε
622 2222 660 2287 &
682 2214 768 2291 dum
794 2241 865 2291 tota
887 2219 934 2290 est

197 2314 234 2386 iu
258 2311 512 2411 Omnipotentis
537 2314 586 2386 ira
608 2313 796 2414 placanda,
821 2314 932 2391 sanita
1002 2312 1021 2331 ”

197 2414 308 2487 Mater
326 2406 490 2499 Ecclefia,
510 2437 705 2486 aetemorum
731 2414 934 2514 gaudiorum

194 2512 330 2587 delicias
345 2535 415 2582 non
432 2508 477 2584 itl
490 2511 725 2584 convenienter
739 2536 871 2584 cantare
883 2512 937 2586 vi·

199 2610 334 2689 deretur.
363 2640 366 2644 ·
964 2676 966 2681 .

246 2711 936 2814 13‘'.Statuendumpariterjuclicauimus,⁴
992 2748 995 2754 ·

193 2840 230 2887 ut
244 2811 304 2887 sua
318 2816 386 2890 diei
398 2812 586 2891 Dominicae
603 2813 772 2886 celebritas
789 2809 934 2886 servare-

195 2938 268 3002 tur,
295 2914 500 3014 nullumque
524 2911 559 2983 in
585 2911 642 2986 die
662 2913 818 2985 Domino
845 2907 936 2981 sacra

194 3014 325 3088 Festum
341 3012 497 3090 celebrari
510 3011 643 3100 liceret,
665 3010 729 3085 nisl
746 3008 840 3123 iplius
855 3009 949 3082 Do-·

199 3112 278 3185 mini
297 3111 412 3202 foret,
432 3138 490 3190 aut
508 3135 607 3184 tantae
619 3109 873 3198 'solemnitatis=‚
897 3131 935 3186 ut

204 3211 307 3286 minias
328 3241 475 3313 congrua
492 3211 584 3285 fieret
599 3210 766 3285 transsatio
782 3215 863 3308 ejus.

255 3312 581 3402 14⁰.Calendarium
592 3314 737 3385 nostrum
749 3309 794 3382 iu
803 3306 860 3411 <lis
877 3307 937 3382 ofi-

191 3435 271 3484 tum
290 3417 361 3502 est,-
382 3439 420 3488 ut
433 3415 566 3485 Sanaos
580 3411 617 3483 in
635 3408 783 3486 universa
797 3338 958 3489 Ecclesia

185 3509 338 3598 celebres,
353 3508 519 3585 deinderir
528 3509 709 3593 Gallicana
719 3514 956 3622 conspicuos}

741 3649 768 3699 a
792 3650 817 3714 v
938 3670 940 3675 ·
