2525 4184
182 519 303 582 tenoris
313 515 359 580 ille
374 518 415 581 tui
427 514 520 593 ,saeros
531 514 656 577 habitare
666 513 780 579 reeetl'ue

182 611 246 672 Plus
256 609 362 683 ambit,
376 607 462 682 quam
472 607 569 682 juncia
579 605 658 665 fimul
668 623 742 665 cetto
749 604 845 666 ordine
854 604 925 673 sua.

182 704 225 761 Sie
241 701 301 762 loca
317 701 425 769 saneta,
443 715 519 758 metu
532 695 619 770 pofito
629 739 639 768 ,
650 694 776 755 lustratus
785 693 893 766 adibi53

181 792 216 850 Et
227 787 318 850 solves
330 788 424 848 diviua
436 803 513 846 tuam
522 785 552 846 in
560 786 695 859 praeconia
706 784 840 857 linguam.

216 946 242 997 4
262 925 309 981 Ne
321 923 428 990 venias,
441 919 546 993 placate
556 919 630 992 cupis
642 917 661 977 fi
672 919 804 978 Numinis
813 918 905 990 iram,

182 1009 276 1068 Elatus
289 1023 388 1078 eaput,
402 1015 429 1067 δι
449 1005 519 1065 beni
535 1024 647 1078 compto
656 1005 773 1066 bellulus
782 1026 852 1077 ore,
891 1003 893 1009 ’

183 1094 377 1168 Promisanue
392 1093 521 1168 capillitio
534 1141 543 1167 ,
557 1116 606 1154 nee
617 1094 750 1156 odoribus
767 1098 865 1156 tensius
873 1108 888 1169 ,'

183 1185 295 1244 Allieias
308 1180 474 1256 spectantum
487 1183 582 1244 oeulos
591 1206 602 1255 3
612 1205 663 1243 uec
672 1186 748 1245 veste
758 1185 895 1258 placebis,

184 1272 315 1334 Moribus
331 1291 360 1333 at
379 1275 468 1345 puris:
479 1271 561 1334 decue
570 1273 610 1333 est
620 1273 672 1332 fibi
680 1273 817 1347 splendida
825 1275 932 1337 Virtus:

222 1423 245 1475 5.
264 1404 310 1460 Ne
329 1422 420 1462 rerum
440 1398 538 1476 speeies
549 1399 655 1461 violent
677 1399 790 1461 sacraria
809 1400 945 1480 mentis„

186 1495 320 1567 Captivos
335 1493 425 1554 sensus
436 1493 503 1554 dura
516 1491 640 1567 sublege
651 1490 774 1562 tenebis;

185 1580 362 1654 Acceptseque
371 1585 438 1656 jugo
450 1626 459 1652 ,
476 1579 577 1640 dociles
587 1596 635 1638 tua
644 1576 711 1652 julla
721 1576 872 1650 capessent,

186 1673 291 1730 Mentis
302 1671 337 1730 ad
346 1673 502 1745 imperium.
519 1668 659 1730 Murrum
670 1668 709 1728 est
721 1688 885 1740 componere
893 1659 994 1727 sensus.

222 1808 248 1856 6.
267 1803 300 1858 In
314 1818 375 1859 toto
387 1797 476 1862 sedeat
489 1800 594 1873 depie'ta
604 1796 738 1858 modestia
750 1796 831 1856 vultu
843 1817 854 1866 3

186 1889 227 1946 Ut
237 1889 285 1959 qui
299 1906 325 1947 te
335 1887 445 1962 videat,
463 1890 583 1962 propiori
594 1889 719 1949 Numine
730 1889 821 1972 eastun
828 1929 838 1960 ,

184 1979 288 2035 Sentiat
299 1974 353 2036 effe
363 1981 456 2036 Deum
468 1974 626 2052 praesentem
638 2020 648 2046 ,
660 1983 687 2037 &
700 1995 802 2048 pronus
819 1970 925 2034 adoret.

218 2124 245 2173 7.
264 2103 311 2160 Ne
323 2102 441 2160 nimium
457 2102 537 2160 celeri
556 2099 707 2161 confundas
718 2102 813 2157 omnia
823 2117 905 2158 eantu
914 2120 925 2168 3

184 2189 237 2249 Sed
248 2210 345 2261 paveas
356 2188 390 2246 ad
402 2189 487 2248 verba
497 2235 506 2260 ,
518 2189 577 2260 ipso
588 2186 688 2247 disiata
699 2193 865 2248 Tounure.

186 2276 269 2336 Plena
286 2281 349 2333 Deo
369 2272 534 2335 sunt'verba.
549 2283 646 2337 Moras
664 2275 771 2334 servare
782 2291 943 2334 memento:

186 2368 317 2427 cantanti
328 2366 436 2439 prodest
446 2365 516 2437 „seu
528 2364 719 2440 pestora'selsa
732 2364 846 2426 subinde

185 2454 347 2529 Respirent,
363 2451 409 2514 seu
426 2475 523 2528 ruens,
535 2453 611 2529 quod
621 2453 844 2528 prosertlingua,
855 2453 996 2524 revolvat,

187 2555 222 2611 Et
235 2549 321 2611 sacras
336 2570 417 2610 voces
428 2570 527 2608 arcano
543 2549 663 2609 ruminet
675 2568 734 2607 ore.

186 2638 231 2697 Ad
243 2658 374 2698 numeros
383 2636 498 2698 hilarem
515 2638 604 2697 lentus
621 2657 656 2695 ne
671 2636 800 2710 protrahe
811 2654 930 2698 cantum.

188 2730 250 2785 Nee
263 2745 289 2784 te
306 2726 375 2786 aden
387 2714 580 2787 recreet'vo'cie
593 2725 676 2785 sonus
688 2751 695 2785 :
707 2728 804 2785 intima
818 2745 910 2784 rerum

189 2821 326 2884 Scrutare,
341 2821 368 2875 &
385 2807 575 2874 sensustecutn
586 2813 717 2872 meditare
725 2812 886 2887 profundos.

224 2933 248 2983 8.
268 2926 335 2982 Non
347 2922 532 2997 incompofitis
542 2923 621 2984 ladas
633 2924 800 2984 elamoribus
810 2941 889 2983 aures
900 2939 916 2995 3·

189 3014 250 3072 Nee
261 3012 365 3072 leviore
377 3009 446 3070 sono
458 3011 555 3071 molles
571 3013 715 3071 imitabere
725 3030 828 3073 cantus.

188 3100 337 3175 Prasiique
347 3097 470 3160 femineo
487 3097 658 3173 supplantans
668 3100 753 3160 verba
763 3101 874 3172 palato,

186 3194 226 3251 Sit
245 3189 367 3264 plausum
387 3208 492 3264 captare
502 3186 682 3262 pudor2nenr
693 3189 756 3247 ralia
764 3185 864 3260 spernit
965 3212 973 3228 =

188 3288 260 3343 Vota
272 3329 280 3354 ,
292 3284 435 3358 precesque
449 3288 533 3344 Deus.
546 3284 610 3341 Puri
622 3280 733 3356 suspiria
746 3281 855 3353 cordis,

187 3375 223 3431 Et
238 3375 332 3431 taeitos
344 3373 463 3446 gemitus
476 3371 586 3430 attentis
597 3369 709 3429 autibus
725 3367 810 3429 audit.

216 3523 243 3567 9.
264 3505 303 3558 At
319 3519 409 3572 neque
426 3500 548 3562 cantanti
561 3500 649 3562 rietus
660 3498 905 3574 illnrnueatnta

176 3584 305 3656 Vallioe,
321 3595 350 3648 δι
362 3610 448 3667 rupto
460 3594 492 3656 se
505 3615 568 3660 vox
581 3593 617 3658 <le
629 3611 754 3673 gutture
768 3587 872 3653 exunat
883 3628 898 3654 2
