2525 4184
185 407 238 473 ciri
668 472 670 479 ,
702 469 708 478 ,

185 416 264 564 Uest
285 496 374 558 solent
396 491 524 554 resonate
542 490 660 560 imminui
683 489 784 566 templa
795 489 889 555 boatu

183 600 251 657 Non
265 595 387 653 elamore
396 595 475 650 Deus
484 589 615 664 placatur.
629 592 673 648 Ut
686 582 782 648 audiat
794 589 850 648 alto

183 687 205 742 E
226 682 313 753 solio,
328 682 367 741 nil
380 682 456 741 vocis
468 697 539 753 eger.
553 682 612 738 Vos
630 674 728 746 firrda,
743 675 905 749 Prophetae,

183 774 313 832 Numina
333 770 531 843 necquicquam
544 765 638 829 valido
656 767 795 840 pulmone
807 765 934 828 vocastis.

227 933 268 973 ro.
286 909 447 973 Concordes
457 911 563 970 animos
575 905 711 966 monstret
724 906 877 969 eoncordia
889 927 984 979 vocuo.

188 1007 240 1063 Par
255 1001 384 1060 studium.
400 1002 480 1061 Varia
491 1017 541 1071 pro
553 996 711 1056 conditione
722 997 855 1058 locorum

191 1093 257 1154 uite
265 1090 446 1150 observentur
456 1134 465 1161 ,
486 1105 546 1161 quae
560 1084 621 1146 sunt
631 1084 789 1160 praescripta
800 1087 956 1162 quotannis.

210 1220 212 1224 ’
230 1251 272 1291 rr.
287 1230 381 1290 Absnt
396 1230 468 1289 bella
479 1272 489 1299 ,
501 1227 597 1301 procul
611 1224 840 1288 sacrisdiscordia
853 1225 984 1299 Templirs

191 1323 246 1379 Pro
259 1322 312 1379 ritu
325 1321 434 1392 ancipiti
455 1319 474 1377 sr
488 1320 555 1393 quid
565 1339 690 1393 peccatur
704 1365 712 1390 ,
726 1323 755 1380 in
775 1319 837 1393 ipso

192 1409 346 1469 Advertens
356 1410 463 1482 culpam
476 1427 620 1469 momento
640 1411 747 1484 corrige
761 1452 773 1479 ,
793 1407 863 1467 dum
875 1428 919 1468 res

193 1499 228 1556 Et
249 1517 355 1570 tempus
373 1499 474 1559 tulerit.
490 1501 516 1557 si
536 1501 584 1573 qui
599 1499 651 1559 tibi
664 1490 894 1570 forterefistaut,

193 1588 256 1644 Nec
273 1588 363 1673 valeas
380 1588 451 1649 solus
470 1608 496 1649 te
512 1609 606 1650 eontra
618 1609 758 1663 opponere
771 1588 883 1650 turbaez

194 1676 324 1735 Errorem
340 1680 475 1749 permitte.
492 1683 555 1738 Deo
572 1676 737 1754 gratissrmus
751 1672 854 1759 error!

195 1769 266 1823 Mox
286 1773 362 1840 cujus
375 1768 465 1828 fuerat
475 1770 575 1828 melior
589 1767 721 1828 sententia
731 1767 852 1840 prudens
860 1813 873 1840 ,

194 1854 329 1912 Paulatim
341 1857 404 1914 crim
422 1857 532 1917 semase
547 1858 758 1918 nararenriserit
768 1860 826 1929 ira,

195 1940 322 1998 Errorem
333 1941 478 2016 ostendas,
493 1953 522 2003 δι
539 1947 592 2004 erit
605 1945 657 2005 tibi
667 1948 759 2020 gloria
772 1951 878 2021 major.

233 2100 272 2138 12.
292 2083 338 2140 Ne
349 2081 399 2142 tibi
413 2083 497 2161 longa
508 2085 590 2146 nimis
600 2082 714 2147 subeant
732 2084 844 2148 fastidia
858 2083 971 2157 canrfis,

197 2174 238 2230 Te
254 2167 330 2244 super
343 2172 412 2232 astra
425 2172 495 2235 feras
507 2201 516 2249 3
527 2178 642 2252 propriis
651 2197 726 2237 mens
744 2178 834 2238 libera
847 2178 951 2240 vinclis

200 2260 306 2319 Audeat
321 2263 462 2323 interdurn
474 2264 548 2328 sedes
557 2288 712 2343 percurrere
730 2266 857 2340 sancias,

200 2349 386 2425 coelestesque
399 2355 497 2416 intrare
511 2358 616 2417 domos.
629 2363 672 2417 Te
689 2363 772 2431 junge
786 2355 914 2430 supernis

203 2439 313 2500 Obvius
331 2443 506 2516 agminibus,
520 2442 679 2518 superisque
690 2445 845 2517 admixtus,
859 2447 950 2504 adora

202 2532 298 2605 Quem
318 2533 379 2590 coeli
394 2553 479 2604 prona
495 2534 555 2593 aula
571 2535 661 2604 canit,
672 2548 754 2606 quem
765 2532 863 2606 terque
876 2541 1011 2602 Beatum,

203 2618 312 2691 Terque
326 2623 399 2679 canit
409 2623 544 2682 Sanctum.
558 2625 599 2682 Sic
617 2643 655 2683 tu
667 2644 755 2682 novus
766 2619 876 2681 aetheris
887 2618 1003 2694 hospes,

203 2706 322 2765 Laudare
335 2708 446 2781 incipies
459 2732 543 2784 quem
554 2732 619 2770 mox
632 2711 753 2770 laudabis
772 2713 801 2770 in
816 2733 925 2774 aevum.

203 2796 300 2854 Pedius
311 2797 453 2858 inundabit
466 2801 551 2873 qu‘am
561 2821 629 2876 pura
640 2810 665 2862 δι
677 2802 768 2860 sanita
779 2801 911 2875 voluptas
923 2807 932 2865 i

240 2906 313 2964 Felix
325 2952 333 2976 ,
347 2907 367 2965 st
381 2909 502 2968 nondrim
516 2930 612 2971 exutus
625 2912 752 2970 mortalia
764 2912 914 2985 membra,

205 2994 265 3050 Has
276 2999 395 3057 retinens
408 3001 481 3074 leges
494 3045 503 3070 ,
520 3003 609 3072 patrio
624 2999 748 3072 praeludis
768 2999 914 3074 Olympo!

209 3121 1055 3157 Ἣ

327 3211 385 3261 Cim
400 3220 506 3268 Domino
520 3217 619 3285 psalles,
632 3217 752 3286 pfirllendo
769 3218 851 3267 rutricr
860 3218 961 3280 serves:

289 3289 326 3340 Sit
338 3291 380 3339 ribi
390 3313 430 3344 cor
439 3299 549 3360 fiarsrim,
567 3300 621 3350 beni
638 3303 725 3367 profer,
734 3301 816 3368 respice
824 3302 929 3365 senfirm.

281 3375 447 3448 Aufiultando
457 3402 515 3434 cane
526 3421 534 3443 ,
544 3385 616 3450 simui
629 3385 720 3449 incipe.
730 3384 802 3443 &estne
809 3385 889 3445 piene.

273 3468 537 3542 trmemfurumrs,
553 3487 596 3541 pes
612 3466 710 3532 iustu
722 3459 917 3522 ,regu-mm.
